@inproceedings{2004Introducing,
  title={Introducing August: a novel strategy for an omnidirectional spherical rolling robot},
  author={ Amir, Hja  and  Mojabi, P. },
  booktitle={IEEE International Conference on Robotics \& Automation},
  year={2004},
}